%% LaTeX2e file `.bib'
%% generated by the `filecontents' environment
%% from source `445348-graya-CSCM35-BDDM' on 2020/05/07.
%%
 @misc{elk,
  author       = {Anne Elk},
  title        = {A Theory on Brontosauruses},
  year         = {2016},
  url          = {http://www.example.edu/~elk/bronto.pdf},
  lastaccessed = {August 7, 2017},
 }
